@article{greenwade93,
    author  = "AXO DRESDEN GmbH",
    title   = "Appendix C-ASTIX for 11.215 keV, Feasibility study",
    year    = "5/05/2017",
}


@manual{baudoin:1998:impara-latex-e-mettilo,
	Author = {Baudoin, Marc},
	Date-Added = {2014-02-09 13:32:46 +0000},
	Date-Modified = {2014-02-09 14:55:03 +0000},
	Keywords = {LaTeX},
	Title = {Impara {\LaTeX} (e mettilo da parte)},
	Year = {1998}
}

