@article{greenwade93,
    author  = "AXO DRESDEN GmbH",
    title   = "Appendix C-ASTIX for 11.215 keV, Feasibility study",
    year    = "5/05/2017",
}


@manual{baudoin:1998:impara-latex-e-mettilo,
	Author = {Baudoin, Marc},
	Date-Added = {2014-02-09 13:32:46 +0000},
	Date-Modified = {2014-02-09 14:55:03 +0000},
	Keywords = {LaTeX},
	Title = {Impara {\LaTeX} (e mettilo da parte)},
	Year = {1998}
}


	
@online{ThomsonScattering,
  author = {Daniele Dallacasa},
  title = {Processi di radiazione e MHD},
  year = 2016,
  url = {http://www.ira.inaf.it/~ddallaca/P-Rad_4.pdf}}
  
@online{RayleighScattering,
  author = {Richard Fitzpatrick },
  title = {Rayleigh scattering},
  year = 2006,
  url = {http://farside.ph.utexas.edu/teaching/em/lectures/node97.html},
  urldate = {2006-02-02}}
  
  
@manual{ComptonScattering,
	Author = {Boston University},
	Title = {Compton Scattering},
	Year = {2016}}
