%% This BibTeX bibliography file was created using BibDesk.
%% http://bibdesk.sourceforge.net/


%% Created for Luca at 2014-05-04 16:36:33 +0200 


%% Saved with string encoding Unicode (UTF-8) 


@article{resta2015nested,
  title={Nested Kirkpatrick--Baez (Montel) optics for hard X-rays},
  author={Resta, Giacomo and Khaykovich, Boris and Moncton, David},
  journal={Journal of Applied Crystallography},
  volume={48},
  number={2},
  pages={558--564},
  year={2015},
  publisher={International Union of Crystallography}
}