
	
@book{michette1986optical,
  title={Optical systems for soft X rays},
  author={Michette, A.G.},
  isbn={9780306423208},
  lccn={lc86020446},
  url={https://books.google.it/books?id=D6g1AAAAIAAJ},
  year={1986},
  publisher={Plenum Press}}
  
  
@article{resta2015nested,
  title={Nested Kirkpatrick--Baez (Montel) optics for hard X-rays},
  author={Resta, Giacomo and Khaykovich, Boris and Moncton, David},
  journal={Journal of Applied Crystallography},
  volume={48},
  number={2},
  pages={558--564},
  year={2015},
  publisher={International Union of Crystallography}}
  
@online{ThomsonScattering,
  author = {Daniele Dallacasa},
  title = {Processi di radiazione e MHD},
  year = 2016,
  url = {http://www.ira.inaf.it/~ddallaca}}
  
@online{RayleighScattering,
  author = {Richard Fitzpatrick },
  title = {Rayleigh scattering},
  year = 2006,
  url = {http://farside.ph.utexas.edu/teaching/em/lectures/node97.html},
  urldate = {2006-02-02}}
  
  
@manual{ComptonScattering,
	Author = {Boston University},
	Title = {Compton Scattering},
	Year = {2016}}
	
@article{article_res_geat,
author = {Salvat, Francesc and Fernández-Varea, José},
year = {2009},
month = {03},
pages = {S112},
title = {Overview of physical interaction models for photon and electron transport used in Monte Carlo codes},
volume = {46},
journal = {Metrologia},
doi = {10.1088/0026-1394/46/2/S08}
}


  
@online{Refractiveindex,
  author = {gisaxs},
  title = {Refractive Index},
  year = 2015,
  url = {http://gisaxs.com/index.php/Refractive_index},
  urldate = {2014-07-25}}
  
@incollection{agarwal1991interaction,
  title={Interaction of X-Rays with Matter},
  author={Agarwal, Bipin K},
  booktitle={X-Ray Spectroscopy},
  pages={121--126},
  year={1991},
  publisher={Springer}
}

@article{cromer1970relativistic,
  title={Relativistic calculation of anomalous scattering factors for X rays},
  author={Cromer, Don T and Liberman, David},
  journal={The Journal of Chemical Physics},
  volume={53},
  number={5},
  pages={1891--1898},
  year={1970},
  publisher={AIP}
}

@inproceedings{manson1981theory,
  title={Theory of Sub-keV Photoionization Cross Sections},
  author={Manson, Steven T},
  booktitle={AIP Conference Proceedings},
  volume={75},
  number={1},
  pages={156--161},
  year={1981},
  organization={AIP}
}


@online{CXRO,
  author = {LBNL, MSD},
  title = {Center for X-Ray Optics},
  year = 2010,
  url = {http://cxro.lbl.gov}}
  
  
	
@book{X-RayWolter,
  title={Legends in Applied Optics},
  author={Robert Shannon and Roland Shack},
  isbn={9780819458445},
  lccn={lc86020446},
  year={2005},
  chapter={11},
  publisher={James E. Harvey}}
  
  @article{matsuyama2009textbook,
  title={Textbook for hard X-ray focusing with Kirkpatrick-Baez optics},
  author={Matsuyama, S and Yumoto, H},
  journal={Unpublished Report},
  year={2009}
}

@article{montel1957x,
  title={X-ray microscopy with catamegonic roof mirrors},
  author={Montel, M i},
  journal={X-ray Microscopy and Microradiography},
  pages={177--185},
  year={1957},
  publisher={Academic Pres New York, NY, USA}}


@article{honnicke2010tracing,
  title={Tracing X-rays through an L-shaped laterally graded multilayer mirror: a synchrotron application},
  author={Honnicke, Marcelo Goncalves and Huang, Xianrong and Keister, Jeffrey W and Kodituwakku, Chaminda Nalaka and Cai, Yong Q},
  journal={Journal of synchrotron radiation},
  volume={17},
  number={3},
  pages={352--359},
  year={2010},
  publisher={International Union of Crystallography}
}

@article{mundboth2014tests,
  title={Tests and characterization of a laterally graded multilayer Montel mirror},
  author={Mundboth, K and Sutter, J and Laundy, D and Collins, S and Stoupin, S and Shvyd'ko, Yu},
  journal={Journal of synchrotron radiation},
  volume={21},
  number={1},
  pages={16--23},
  year={2014},
  publisher={International Union of Crystallography}
}

@article{liu2011achromatic,
  title={Achromatic nested Kirkpatrick--Baez mirror optics for hard X-ray nanofocusing},
  author={Liu, Wenjun and Ice, Gene E and Assoufid, Lahsen and Liu, Chian and Shi, Bing and Khachatryan, Ruben and Qian, Jun and Zschack, Paul and Tischler, Jonathan Z and Choi, J-Y},
  journal={Journal of synchrotron radiation},
  volume={18},
  number={4},
  pages={575--579},
  year={2011},
  publisher={International Union of Crystallography}
}

@inproceedings{ice2009nested,
  title={Nested mirrors for X-rays and Neutrons},
  author={Ice, Gene E and Barabash, Rozaliya I and Khounsary, Ali},
  booktitle={Advances in X-Ray/EUV Optics and Components IV},
  volume={7448},
  pages={74480B},
  year={2009},
  organization={International Society for Optics and Photonics}
}

	
@book{gamma2001design,
  title={Design patterns: Abstraction and reuse of object-oriented design},
  author={Gamma, Erich and Helm, Richard and Johnson, Ralph and Vlissides, John},
  isbn={0201633612},
  year={1995},
  publisher={Springer}}
  
  
@inproceedings{wikiParabola,
   author = "Wikipedia",
   title = "Parabola (geometria)",
   year = "2018",
   url = "https://it.wikipedia.org/wiki/Parabola_(geometria)",
   note = "[Online; accessed 1-December-2018]"
 }
 
 @book{fischer2000optical,
  title={Optical system design},
  author={Fischer, Robert Edward and Tadic-Galeb, Biljana and Yoder, Paul R and Galeb, Ranko and Kress, Bernard C and McClain, Stephen C and Baur, Tom and Plympton, Richard and Wiederhold, Bob and Bob Grant Alastair J},
  year={2000},
  publisher={Citeseer}
}


@inproceedings{RayXray,
     author  = "Ray BARRETT",
     title   = "X-ray Optics for Synchrotron Radiation Beamlines ",
     publisher = "Presentation of Ray Barrett on his work at ESRF presented at ESI2011: 2nd EIROforum School on Instrumentation",
     year    = 2011
}
@article{singh2011grazing,
  title={Grazing incidence optics for X-ray astronomy},
  author={Singh, Kulinder Pal},
  journal={Journal of Optics},
  volume={40},
  number={3},
  pages={88},
  year={2011},
  publisher={Springer}
}
  