%% This BibTeX bibliography file was created using BibDesk.
%% http://bibdesk.sourceforge.net/


%% Created for Luca at 2014-05-04 16:36:33 +0200 


%% Saved with string encoding Unicode (UTF-8) 


@article{resta2015nested,
  title={Nested Kirkpatrick--Baez (Montel) optics for hard X-rays},
  author={Resta, Giacomo and Khaykovich, Boris and Moncton, David},
  journal={Journal of Applied Crystallography},
  volume={48},
  number={2},
  pages={558--564},
  year={2015},
  publisher={International Union of Crystallography}}
  
  
@manual{pantieri:2009:latex-per-limpaziente,
	Author = {Pantieri, Lorenzo},
	Date-Added = {2014-02-09 13:40:51 +0000},
	Date-Modified = {2014-02-09 13:41:05 +0000},
	Keywords = {LaTeX},
	Title = {{\LaTeX} per l'impaziente},
	Year = {2009}}

@book{michette1986optical,
  title={Optical systems for soft X rays},
  author={Michette, A.G.},
  isbn={9780306423208},
  lccn={lc86020446},
  url={https://books.google.it/books?id=D6g1AAAAIAAJ},
  year={1986},
  publisher={Plenum Press}}
  
@online{engys:2012:a-comprehensive-tour-of-snappyhexmesh,
	Author = {{ENGYS, Ltd.}},
	Date-Added = {2014-02-08 18:02:27 +0000},
	Date-Modified = {2014-03-09 08:58:44 +0000},
	Title = {A Comprehensive Tour of snappyHexMesh},
	Url = {http://openfoamwiki.net/images/f/f0/Final-AndrewJacksonSlidesOFW7.pdf},
	Year = {2012},
	Bdsk-Url-1 = {http://openfoamwiki.net/images/f/f0/Final-AndrewJacksonSlidesOFW7.pdf}}

@manual{openfoam:2013:openfoam-user-guide,
	Author = {OpenFOAM},
	Date-Added = {2014-02-08 17:39:49 +0000},
	Date-Modified = {2014-02-08 17:56:52 +0000},
	Organization = {The OpenFOAM Foundation},
	Title = {OpenFOAM User Guide},
	Url = {http://foam.sourceforge.net/docs/Guides-a4/UserGuide.pdf},
	Version = {2.2.1},
	Year = {2013},
	Bdsk-Url-1 = {http://foam.sourceforge.net/docs/Guides-a4/UserGuide.pdf}}

@online{wikipedia:2013:law-of-the-wall,
	Author = {Wikipedia},
	Date-Added = {2014-02-08 17:35:20 +0000},
	Date-Modified = {2014-05-03 14:16:20 +0000},
	Title = {Law of the wall},
	Url = {http://en.wikipedia.org/wiki/Law_of_the_wall},
	Year = {2013},
	Bdsk-Url-1 = {http://en.wikipedia.org/wiki/Law_of_the_wall}}

@online{cineca:2014:eurora-user-guide,
	Author = {CINECA},
	Date-Added = {2014-02-08 17:34:13 +0000},
	Date-Modified = {2014-02-08 17:34:41 +0000},
	Title = {EURORA User Guide},
	Url = {http://www.hpc.cineca.it/content/eurora-user-guide},
	Year = {2014},
	Bdsk-Url-1 = {http://www.hpc.cineca.it/content/eurora-user-guide}}

@online{vuz:2014:test-centre-vuz-velim,
	Author = {VUZ},
	Date-Added = {2014-02-08 17:10:40 +0000},
	Date-Modified = {2014-02-08 17:13:12 +0000},
	Title = {Test Centre VUZ Velim},
	Url = {http://www.cdvuz.cz/en/vuz-test-centre-velim/},
	Year = {2014},
	Bdsk-Url-1 = {http://www.cdvuz.cz/en/vuz-test-centre-velim/}}

@online{cineca:2014:ibm-plx-gpu-user-guide,
	Author = {CINECA},
	Date-Added = {2014-02-08 17:01:45 +0000},
	Date-Modified = {2014-02-08 17:21:42 +0000},
	Title = {IBM PLX-GPU User Guide},
	Url = {http://www.hpc.cineca.it/content/ibm-plx-gpu-user-guide-0},
	Year = {2014},
	Bdsk-Url-1 = {http://www.hpc.cineca.it/content/ibm-plx-gpu-user-guide-0}}